<?xml version="1.0" encoding="UTF-8"?><record xmlns="http://www.loc.gov/MARC21/slim" xmlns:cinclude="http://apache.org/cocoon/include/1.0" xmlns:zs="http://www.loc.gov/zing/srw/">
  <leader>00499nz  a2200145n  4500</leader>
  <controlfield tag="001">n  87948527 </controlfield>
  <controlfield tag="003">DLC</controlfield>
  <controlfield tag="005">19871127163612.6</controlfield>
  <controlfield tag="008">870915n| acannaab|          |a aaa |||  </controlfield>
  <datafield tag="010" ind1=" " ind2=" ">
    <subfield code="a">n  87948527 </subfield>
  </datafield>
  <datafield tag="040" ind1=" " ind2=" ">
    <subfield code="a">DLC</subfield>
    <subfield code="c">DLC</subfield>
    <subfield code="d">DLC</subfield>
  </datafield>
  <datafield tag="100" ind1="1" ind2="0">
    <subfield code="a">Tjønneland, Elling Njål,</subfield>
    <subfield code="d">1918-</subfield>
  </datafield>
  <datafield tag="400" ind1="1" ind2="0">
    <subfield code="w">nna</subfield>
    <subfield code="a">Tjønneland, Elling,</subfield>
    <subfield code="d">1918-</subfield>
  </datafield>
  <datafield tag="670" ind1=" " ind2=" ">
    <subfield code="a">His Sanksjonar, Sør-Afrika og SADCC, 1987:</subfield>
    <subfield code="b">t.p. (Elling Njål Tjønneland)</subfield>
  </datafield>
  <datafield tag="670" ind1=" " ind2=" ">
    <subfield code="a">LC data, 9/10/87</subfield>
    <subfield code="b">(hdg.: Tjønneland, Elling, 1918- ; usage: Elling Tjønneland)</subfield>
  </datafield>
</record>